<record><leader>00000cas a22000007a 4500</leader><controlfield tag="001">35966127</controlfield><controlfield tag="008">961120d1906190uokuwr n       0    0eng d</controlfield><datafield ind1=" " ind2=" " tag="010"><subfield code="a">sn 96093218 </subfield></datafield><datafield ind1=" " ind2=" " tag="040"><subfield code="a">OBN</subfield><subfield code="b">eng</subfield><subfield code="c">OBN</subfield><subfield code="d">OCLCQ</subfield><subfield code="d">OCLCF</subfield><subfield code="d">OCLCO</subfield></datafield><datafield ind1="1" ind2=" " tag="029"><subfield code="a">AU@</subfield><subfield code="b">000012971894</subfield></datafield><datafield ind1=" " ind2=" " tag="042"><subfield code="a">msc</subfield></datafield><datafield ind1=" " ind2=" " tag="043"><subfield code="a">n-us-ok</subfield></datafield><datafield ind1="0" ind2="4" tag="245"><subfield code="a">The Hobart democrat.</subfield></datafield><datafield ind1=" " ind2=" " tag="260"><subfield code="a">Hobart (Kiowa County) Okla. :</subfield><subfield code="b">Nove E. Crumpacker</subfield></datafield><datafield ind1=" " ind2=" " tag="300"><subfield code="a">v.</subfield></datafield><datafield ind1=" " ind2=" " tag="310"><subfield code="a">Weekly</subfield></datafield><datafield ind1="0" ind2=" " tag="362"><subfield code="a">Vol. 6, no. 10 (Oct. 12, 1906)-</subfield></datafield><datafield ind1=" " ind2="0" tag="651"><subfield code="a">Hobart (Okla.)</subfield><subfield code="v">Newspapers.</subfield></datafield><datafield ind1=" " ind2="0" tag="651"><subfield code="a">Kiowa County (Okla.)</subfield><subfield code="v">Newspapers.</subfield></datafield><datafield ind1=" " ind2="7" tag="655"><subfield code="a">Newspapers.</subfield><subfield code="2">fast</subfield><subfield code="0">(OCoLC)fst01423814</subfield></datafield><datafield ind1=" " ind2="7" tag="651"><subfield code="a">Oklahoma</subfield><subfield code="z">Hobart.</subfield><subfield code="2">fast</subfield><subfield code="0">(OCoLC)fst01206767</subfield></datafield><datafield ind1=" " ind2="7" tag="651"><subfield code="a">Oklahoma</subfield><subfield code="z">Kiowa County.</subfield><subfield code="2">fast</subfield><subfield code="0">(OCoLC)fst01207057</subfield></datafield><datafield ind1=" " ind2=" " tag="752"><subfield code="a">United States</subfield><subfield code="b">Oklahoma</subfield><subfield code="c">Kiowa</subfield><subfield code="d">Hobart.</subfield></datafield><datafield ind1="0" ind2=" " tag="775"><subfield code="t">Hobart daily democrat</subfield><subfield code="w">(DLC)sn 96093220</subfield><subfield code="w">(OCoLC)35966206</subfield></datafield><datafield ind1="0" ind2="0" tag="780"><subfield code="t">Hobart news-republican</subfield><subfield code="w">(DLC)sn 96093217</subfield><subfield code="w">(OCoLC)35966109</subfield></datafield><datafield ind1="0" ind2="7" tag="785"><subfield code="t">Hobart weekly chief</subfield><subfield code="w">(DLC)sn 96093226</subfield><subfield code="w">(OCoLC)35966379</subfield></datafield><datafield ind1="0" ind2="7" tag="785"><subfield code="t">Weekly democrat-chief</subfield><subfield code="w">(DLC)sn 96093227</subfield><subfield code="w">(OCoLC)35966444</subfield></datafield></record>